@Booklet{Gil:02,
  author       = {Joseph (Yossi) Gil},
  TITLE        = {{\LaTeXe} for Graduate Students},
  year         = {2002},
  howpublished = {manuscript},
  address      = {Haifa, Israel},
}

@online{GoogleDrive,
  author = {Adam Kurkiewicz and John McClure and Simon Rogers and Darren Monckton},
  title = {kurkiewicz-transcriptomics},
  year = {2016},
  url = {https://drive.google.com/open?id=0B0QdpQaEjDtBTWxlWVpYUWFPSWs},
  urldate = {2016-10-30}
}
